% vim:ts=4:sw=4

@article{Chen2013,
	author = {Y. Chen and B. Zhang and Y. Liu and W. Zhu},
	title = {Measurement and Modeling of Video Watching Time in a Large-Scale Internet Video-on-Demand System},
	type = {J},
	journal = {IEEE Transactions on Multimedia},
	year = {2014},
	volume = {15},
	number = {8},
	pages = {2087-2098}
}

@article{Li2012,
	author = {李向阳, 卞德森},
	title = {流媒体及其应用技术},
	type = {J},
	journal = {现代电视技术},
	date = {2002-04},
	pages = {18-27}
}

